<?xml version="1.0" encoding="utf-8"?>
<record xmlns="http://www.loc.gov/MARC21/slim" xmlns:xsi="http://www.w3.org/2001/XMLSchema-instance" xsi:schemaLocation="http://www.loc.gov/MARC21/slim http://www.loc.gov/standards/marcxml/schema/MARC21slim.xsd">
	<leader>     nam a22     Mi 4500</leader>
	<controlfield tag="001">b1237233x</controlfield>
	<controlfield tag="003">LeBAU</controlfield>
	<controlfield tag="006">m        d        </controlfield>
	<controlfield tag="007">cr cn |||m|||a</controlfield>
	<controlfield tag="008">191218s1931    ua a    o     ||0 0 ara d</controlfield>
	<datafield ind1=" " ind2=" " tag="040">
		<subfield code="a">ZYU</subfield>
		<subfield code="b">ara</subfield>
		<subfield code="e">rda</subfield>
		<subfield code="c">ZYU</subfield>
	</datafield>
	<datafield ind1="0" ind2="4" tag="082">
		<subfield code="a">297.207</subfield>
		<subfield code="2">20</subfield>
	</datafield>
	<datafield ind1="1" ind2=" " tag="100">
		<subfield code="6">880-01</subfield>
		<subfield code="a">Jawharī, Ṭanṭāwī,</subfield>
		<subfield code="d">1862-1940,</subfield>
		<subfield code="e">author.</subfield>
	</datafield>
	<datafield ind1="1" ind2="0" tag="245">
		<subfield code="6">880-02</subfield>
		<subfield code="a">al-Jawāhir fī tafsīr al-Qurʼān al-Karīm :</subfield>
		<subfield code="b">al-mushtamil ʻalá ʻajāʼib badāʼiʻ al-mukawwanāt wa-gharāʼib al-āyāt al-bāhirāt /</subfield>
		<subfield code="c">ta’līf al-ustādh al-ḥakīm al-Shaykh Ṭanṭāwī Jawharī, al-mudarris bi-al-Jāmiʻah al-Miṣrīyah wa-madrasat Dār al-ʻUlūm sābiqan.</subfield>
	</datafield>
	<datafield ind1=" " ind2=" " tag="250">
		<subfield code="6">880-03</subfield>
		<subfield code="a">al-Ṭabʻah al-thānīyah.</subfield>
	</datafield>
	<datafield ind1=" " ind2="1" tag="264">
		<subfield code="6">880-04</subfield>
		<subfield code="a">Miṣr :</subfield>
		<subfield code="b">Muṣṭafá al-Bābī al-Ḥalabī wa-Awlāduh,</subfield>
		<subfield code="c">1350 H., [1931? M.]</subfield>
	</datafield>
	<datafield ind1=" " ind2=" " tag="300">
		<subfield code="6">880-05</subfield>
		<subfield code="a">online resource (13 volumes) :</subfield>
		<subfield code="b">illustrations</subfield>
	</datafield>
	<datafield ind1=" " ind2=" " tag="336">
		<subfield code="a">text</subfield>
		<subfield code="2">rdacontent</subfield>
	</datafield>
	<datafield ind1=" " ind2=" " tag="337">
		<subfield code="a">computer</subfield>
		<subfield code="2">rdamedia</subfield>
	</datafield>
	<datafield ind1=" " ind2=" " tag="338">
		<subfield code="a">online resource</subfield>
		<subfield code="2">rdacarrier</subfield>
	</datafield>
	<datafield ind1=" " ind2=" " tag="500">
		<subfield code="a">25 جزء ببليوغرافي في 13 جزء مادي، بالإضافة الى الجزء الأول من ملحق الجواهر في تفسير القرآن الكريم مجلدا مع الجزء 25.</subfield>
	</datafield>
	<datafield ind1=" " ind2=" " tag="500">
		<subfield code="a">Part of the Arabic Collections Online (ACO) project, contributed by American University of Beirut's Jafet Memorial Library.</subfield>
	</datafield>
	<datafield ind1=" " ind2=" " tag="533">
		<subfield code="a">Electronic reproduction.</subfield>
		<subfield code="b">New York, N.Y. :</subfield>
		<subfield code="c">New York University,</subfield>
		<subfield code="d">2019.</subfield>
		<subfield code="5">NNU</subfield>
	</datafield>
	<datafield ind1="0" ind2="4" tag="630">
		<subfield code="a">قرآن</subfield>
		<subfield code="x">تفسير وتأويل</subfield>
		<subfield code="v">اعمال قديمة حتى 1800.</subfield>
	</datafield>
	<datafield ind1="0" ind2="0" tag="630">
		<subfield code="a">Qur'an</subfield>
		<subfield code="x">Hermeneutics</subfield>
		<subfield code="v">Early works to 1800.</subfield>
	</datafield>
	<datafield ind1="1" ind2="2" tag="700">
		<subfield code="6">880-06</subfield>
		<subfield code="a">Jawharī, Ṭanṭāwī,</subfield>
		<subfield code="d">1862-1940.</subfield>
		<subfield code="t">Mulḥaq al-jawahir fī tafsīr al-Qurʼān al-karīm.</subfield>
	</datafield>
	<datafield ind1="2" ind2=" " tag="710">
		<subfield code="a">Jafet Memorial Library.</subfield>
	</datafield>
	<datafield ind1="0" ind2=" " tag="730">
		<subfield code="a">Arabic Collections Online.</subfield>
	</datafield>
	<datafield ind1="0" ind2=" " tag="775">
		<subfield code="6">880-07</subfield>
		<subfield code="i">has designation of edition</subfield>
		<subfield code="4">http://rdaregistry.info/Elements/m/P30133:</subfield>
		<subfield code="t">al-Jawāhir fī tafsīr al-Qurʼān al-Karīm : al-mushtamil ʻalá ʻajāʼib badāʼiʻ al-mukawwanāt wa-gharāʼib al-āyāt al-bāhirāt.</subfield>
		<subfield code="d">Miṣr : Maṭbaʻat Muṣṭafá al-Bābī al-Ḥalabī wa-Awlāduh, 1341-1351 H., [1922-1933? M.]</subfield>
		<subfield code="w">(OCoLC)784285071</subfield>
		<subfield code="w">(OCoLC)784285071</subfield>
	</datafield>
	<datafield ind1="0" ind2="8" tag="776">
		<subfield code="i">Print version:</subfield>
		<subfield code="a">Jawharī, Ṭanṭāwī, 1862-1940, author.</subfield>
		<subfield code="t">al-Jawāhir fī tafsīr al-Qurʼān al-Karīm</subfield>
		<subfield code="w">(LeBAU)b1237233x</subfield>
	</datafield>
	<datafield ind1="4" ind2="0" tag="856">
		<subfield code="u">http://hdl.handle.net/2333.1/2bvq8ck0</subfield>
	</datafield>
	<datafield ind1="1" ind2=" " tag="880">
		<subfield code="6">100-01</subfield>
		<subfield code="a">جوهري، طنطاوي،</subfield>
		<subfield code="d">1862-1940،</subfield>
		<subfield code="e">مؤلف. </subfield>
		<subfield code="4">aut.</subfield>
	</datafield>
	<datafield ind1="1" ind2="3" tag="880">
		<subfield code="6">245-02</subfield>
		<subfield code="a">الجواهر في تفسير القرآن الكريم :</subfield>
		<subfield code="b">المشتمل على عجائب بدائع المكونات وغرائب الآيات الباهرات /</subfield>
		<subfield code="c">تأليف الأستاذ الحكيم الشيخ طنطاوي جوهري، المدرس بالجامعة المصرية ومدرسة دار العلوم سابقاً.</subfield>
	</datafield>
	<datafield ind1=" " ind2=" " tag="880">
		<subfield code="6">250-03</subfield>
		<subfield code="a">الطبعة الثانية.</subfield>
	</datafield>
	<datafield ind1=" " ind2="1" tag="880">
		<subfield code="6">264-04</subfield>
		<subfield code="a">مصر :</subfield>
		<subfield code="b">مصطفى البابي الحلبي وأولاده،</subfield>
		<subfield code="c">1350 هـ.، [1931؟ م.]</subfield>
	</datafield>
	<datafield ind1=" " ind2=" " tag="880">
		<subfield code="6">300-05</subfield>
		<subfield code="a">13 جزء :</subfield>
		<subfield code="b">مصورات ؛</subfield>
		<subfield code="c">28 سم</subfield>
	</datafield>
	<datafield ind1="1" ind2="2" tag="880">
		<subfield code="6">700-06</subfield>
		<subfield code="a">جوهري، طنطاوي،</subfield>
		<subfield code="d">1862-1940.</subfield>
		<subfield code="t">ملحق الجواهر في تفسير القرآن الكريم.</subfield>
	</datafield>
	<datafield ind1="0" ind2=" " tag="880">
		<subfield code="6">775-07</subfield>
		<subfield code="i">دلالة على الطبعة</subfield>
		<subfield code="4">http://rdaregistry.info/Elements/m/P30133:</subfield>
		<subfield code="t">الجواهر في تفسير القرآن الكريم : المشتمل على عجائب بدائع المكونات وغرائب الآيات الباهرات.</subfield>
		<subfield code="d">مصر : مطبعة مصطفى البابي الحلبي وأولاده، 1341-1352 هـ.، [1922-1933؟ م.]</subfield>
		<subfield code="w">b12372328</subfield>
		<subfield code="w">(OCoLC)784285071</subfield>
	</datafield>
	<datafield ind1=" " ind2=" " tag="959">
		<subfield code="a">NNU</subfield>
		<subfield code="b">WEB</subfield>
		<subfield code="c">GENI</subfield>
		<subfield code="t">0</subfield>
		<subfield code="m">Electronic access</subfield>
		<subfield code="s">01</subfield>
	</datafield>
	<datafield ind1=" " ind2=" " tag="999">
		<subfield code="i">LeBAU_b1237233x</subfield>
		<subfield code="s">aub_aco002391:v.1-2</subfield>
		<subfield code="s">aub_aco002392:v.3-4</subfield>
		<subfield code="s">aub_aco002393:v.5-6</subfield>
		<subfield code="s">aub_aco002394:v.7-8</subfield>
		<subfield code="s">aub_aco002395:v.9-10</subfield>
		<subfield code="s">aub_aco002396:v.11-12</subfield>
		<subfield code="s">aub_aco002397:v.13-14</subfield>
		<subfield code="s">aub_aco002398:v.15-16</subfield>
		<subfield code="s">aub_aco002399:v.17-18</subfield>
		<subfield code="s">aub_aco002400:v.19-20</subfield>
		<subfield code="s">aub_aco002401:v.21-22</subfield>
		<subfield code="s">aub_aco002402:v.23-24</subfield>
		<subfield code="s">aub_aco002403:v.25</subfield>
		<subfield code="e">(ERROR-MISC)</subfield>
	</datafield>
</record>
